@article{Rowe:2005:ASR,  
	author = {Lawrence A. Rowe and Ramesh Jain},
	title = {ACM SIGMM retreat report on future directions in multimedia research},
	journal = {ACM Transactions on Multimedia Computing, Communications, and Applications},
	volume = {1},
	number = {1},
	year = {2005},
	pages = {3--13},
}

