%% This BibTeX bibliography file was created using BibDesk.
%% http://bibdesk.sourceforge.net/


%% Created for 阿茲 at 2012-09-14 15:05:12 +0800 


%% Saved with string encoding Unicode (UTF-8) 



@article{von1938elektronen,
	Author = {Von Ardenne, M.},
	Date-Added = {2012-09-14 15:04:29 +0800},
	Date-Modified = {2012-09-14 15:04:29 +0800},
	Journal = {Zeitschrift f{\"u}r Physik A Hadrons and Nuclei},
	Number = {9},
	Pages = {553--572},
	Publisher = {Springer},
	Title = {Das Elektronen-Rastermikroskop},
	Volume = {109},
	Year = {1938}}

@misc{bennig1988atomic,
	Author = {Bennig, G.K.},
	Date-Added = {2012-09-14 15:02:51 +0800},
	Date-Modified = {2012-09-14 15:02:51 +0800},
	Month = feb # {~9},
	Note = {US Patent 4,724,318},
	Publisher = {Google Patents},
	Title = {Atomic force microscope and method for imaging surfaces with atomic resolution},
	Year = {1988}}

@book{raether1988surface,
	Author = {Raether, H.},
	Date-Added = {2012-09-14 15:02:26 +0800},
	Date-Modified = {2012-09-14 15:02:26 +0800},
	Publisher = {Springer-Verlag Berlin},
	Title = {Surface plasmons},
	Year = {1988}}

@book{kittel1976introduction,
	Author = {Kittel, C. and McEuen, P.},
	Date-Added = {2012-09-14 15:01:59 +0800},
	Date-Modified = {2012-09-14 15:01:59 +0800},
	Publisher = {Wiley New York},
	Title = {Introduction to solid state physics},
	Volume = {7},
	Year = {1976}}

@book{maier2007plasmonics,
	Author = {Maier, S.A.},
	Date-Added = {2012-09-14 15:01:45 +0800},
	Date-Modified = {2012-09-14 15:01:45 +0800},
	Publisher = {Springer Verlag},
	Title = {Plasmonics: fundamentals and applications},
	Year = {2007}}
